@article{ChanceInClass,
author = {Nicholas J. Horton and Benjamin S. Baumer and Hadley Wickham},
title = {Taking a Chance in the Classroom: Setting the Stage for Data Science: Integration of Data Management Skills in Introductory and Second Courses in Statistics},
journal = {CHANCE},
volume = {28},
number = {2},
pages = {40-50},
year  = {2015},
publisher = {Taylor & Francis},
doi = {10.1080/09332480.2015.1042739},
URL = {https://doi.org/10.1080/09332480.2015.1042739},
eprint = {https://doi.org/10.1080/09332480.2015.1042739},
}

@misc{baumer2014r,
      title={R Markdown: Integrating A Reproducible Analysis Tool into Introductory Statistics}, 
      author={Ben Baumer and Mine Cetinkaya-Rundel and Andrew Bray and Linda Loi and Nicholas J. Horton},
      year={2014},
      eprint={1402.1894},
      archivePrefix={arXiv},
      primaryClass={stat.OT},
}

@unknown{TeachingR,
  title = {Start Teaching with R and RStudio},
  author = {Pruim, Randall and Horton, Nicholas and Kaplan, Daniel},
  publisher = {Project MOSAIC},
  year = {2014},
  doi = {10.13140/2.1.4414.6567},
  url = {https://github.com/ProjectMOSAIC/LittleBooks},
}

@unknown{ModelingR,
  title = {Start Modeling with R},
  author = {Pruim, Randall and Horton, Nicholas and Kaplan, Daniel},
  publisher = {Project MOSAIC},
  year = {2014},
  month = {08},
  doi = {10.13140/2.1.1137.8566},
  url = {https://github.com/ProjectMOSAIC/LittleBooks},
}

@article{samet2003,
  author = {J. H. Samet and M. J. Larson and N. J. Horton and K. Doyle and M. Winter and R. Saitz},
  title = {Linking alcohol and drug dependent adults to primary medical care: A randomized controlled trial of a multidisciplinary health intervention in a detoxification unit.},
  journal = {Addiction},
  volume = {98},
  number = {4},
  pages = {509-516},
  year  = {2003},
  doi = {10.1046/j.1360-0443.2003.00328.x},
}

@article{liebschutz2002,
  author = {J. Liebschutz and J. B. Savetsky and R. Saitz and N. J. Hortona and C. Lloyd-Travaglini and J. H. Samet},
  title = {The relationship between sexual and physical abuse and substance abuse consequences.},
  journal = {Journal of Substance Abuse Treatment},
  volume = {22},
  number = {3},
  pages = {121-128},
  year  = {2002},
  doi = {10.1016/S0740-5472(02)00220-9},
}

@article{kertesz2003,
  author = {S. G. Kertesz and N. J. Horton and P. D. Friedmann and R. Saitz and J. H. Samet},
  title = {Slowing the revolving door: stabilization programs reduce homeless personsâ€™ substance use after detoxification.},
  journal = {Journal of Substance Abuse Treatment},
  volume = {24},
  number = {3},
  pages = {197-207},
  year  = {2003},
  doi = {10.1016/S0740-5472(03)00026-6},
}